@article{Koval20,
  title={Optimal experimental design under irreducible uncertainty for
         linear inverse problems governed by PDEs},
  author={Koval, Karina and Alexanderian, Alen and Stadler, Georg},
  journal={Inverse Problems},
  year={2020},
  publisher={IOP Publishing}
}

@article{Attia20,
  title={Optimal Experimental Design for Inverse Problems in the Presence of Observation Correlations},
  author={Attia, Ahmed and Constantinescu, Emil},
  journal={arXiv preprint arXiv:2007.14476},
  year={2020}
}

@article{Hooker09,
  title={Autocorrelation reduces sample time clustering in optimal
                  design},
  author={Hooker, Andrew C and Nyberg, Joakim and Hglund, Richard and
                  Bergstr, Martin and Karlsson, Mats O},
  year={2009},
  publisher={Citeseer}
}


@book{Fedorov12,
  title={Model-oriented design of experiments},
  author={Fedorov, Valerii V and Hackl, Peter},
  volume={125},
  year={2012},
  publisher={Springer Science \& Business Media}
}

@article{Waterhouse83,
  title={Do symmetric problems have symmetric solutions?},
  author={Waterhouse, William C},
  journal={The American Mathematical Monthly},
  volume={90},
  number={6},
  pages={378--387},
  year={1983},
  publisher={JSTOR}
}

@article{Simon77,
  title={Notes on infinite determinants of Hilbert space operators},
  author={Simon, Barry},
  journal={Advances in Mathematics},
  volume={24},
  number={3},
  pages={244--273},
  year={1977},
  publisher={Elsevier}
}

@article{HagstromKeller87,
  title={Asymptotic boundary conditions and numerical methods for nonlinear elliptic problems on unbounded domains},
  author={Hagstrom, TM and Keller, HB},
  journal={Mathematics of computation},
  volume={48},
  number={178},
  pages={449--470},
  year={1987}
}

@article{BaylissGunzburgerTurkel82,
  title={Boundary conditions for the numerical solution of elliptic equations in exterior regions},
  author={Bayliss, Alvin and Gunzburger, Max and Turkel, Eli},
  journal={SIAM Journal on Applied Mathematics},
  volume={42},
  number={2},
  pages={430--451},
  year={1982},
  publisher={SIAM}
}


@misc{Runborg12,
  author        = {Runborg, Olof},
  title         = {Lecture Notes 5, Helmholtz Equation and High Frequency Approximations},
  year          = {2012},
  publisher={KTH Royal Institute of Technology}
}

@incollection{Enriquez07,
  title={Correlated processes and the composition of generators},
  author={Enriquez, Nathana{\"u}l},
  booktitle={S{\'e}minaire de probabilit{\'e}s XL},
  pages={329--342},
  year={2007},
  publisher={Springer}
}

@phdthesis{BarucqBergotChabassierEtAl14,
  title={Derivation of high order absorbing boundary conditions for the Helmholtz equation in 2D},
  author={Barucq, H{\'e}l{\`e}ne and Bergot, Morgane and Chabassier, Juliette and Estecahandy, Elodie},
  year={2014},
  school={INRIA Bordeaux; INRIA}
}

@article{OsbornVassilevskiVilla17,
  title={A Multilevel, Hierarchical Sampling Technique for Spatially Correlated Random Fields},
  author={Osborn, Sarah and Vassilevski, Panayot and Villa, Umberto},
  journal={arXiv preprint arXiv:1703.08498},
  year={2017}
}

@article{GordonWebbWolpert92,
  title={One cannot hear the shape of a drum},
  author={Gordon, Carolyn and Webb, David L and Wolpert, Scott},
  journal={Bulletin of the American Mathematical Society},
  volume={27},
  number={1},
  pages={134--138},
  year={1992}
}

@article{Kac66,
  title={Can one hear the shape of a drum?},
  author={Kac, Mark},
  journal={The american mathematical monthly},
  volume={73},
  number={4},
  pages={1--23},
  year={1966},
  publisher={JSTOR}
}

@book{Mcgrayne11,
  title={The theory that would not die: how Bayes' rule cracked the enigma code, hunted down Russian submarines, \& emerged triumphant from two centuries of controversy},
  author={McGrayne, Sharon Bertsch},
  year={2011},
  publisher={Yale University Press}
}

@techreport{Fedorov96,
  author =        {Fedorov, Valerii V.},
  title =         {Design of spatial experiments: Model fitting and prediction},
  number =        {TM-13152},
  institution =   {Oak Ridge National Lab},
  address =       {Oak  Ridge, Tennessee},
  month =         {March},
  year  =         {1996},
  pages =         {66},
}

@misc{Martin15,
  author        = {Martin, Ryan},
  title         = {Lecture notes on Statistical theory},
  month         = {January},
  year          = {2015},
  publisher={University of Illinois at Chicago}
}

@book{YoungSmith05,
  title={Essentials of statistical inference},
  author={Young, G Alastair and Smith, Richard L},
  volume={16},
  year={2005},
  publisher={Cambridge University Press}
}

@book{Bulmer79,
  title={Principles of statistics},
  author={Bulmer, Michael George},
  year={1979},
  publisher={Courier Corporation}
}

@book{Wasserman13,
  title={All of statistics: a concise course in statistical inference},
  author={Wasserman, Larry},
  year={2013},
  publisher={Springer Science \& Business Media}
}

@misc{Daon17,
  author = "Daon, Varda",
  date = "2017-03-18",
  howpublished = "personal communication"
}

@book{CoverThomas12,
  title={Elements of information theory},
  author={Cover, Thomas M and Thomas, Joy A},
  year={2012},
  publisher={John Wiley \& Sons}
}

@article{Bernardo79,
  title={Expected information as expected utility},
  author={Bernardo, Jos{\'e} M},
  journal={The Annals of Statistics},
  pages={686--690},
  year={1979},
  publisher={JSTOR}
}

@book{Silvey13,
  title={Optimal design: an introduction to the theory for parameter estimation},
  author={Silvey, Samuel David},
  volume={1},
  year={2013},
  publisher={Springer Science \& Business Media}
}

@article{CalvettiKaipioSomersalo06,
  title={Aristotelian prior boundary conditions},
  author={Calvetti, Daniela and Kaipio, Jari P and Somersalo, Erkki},
  journal={International Journal of Mathematics and Computer Science},
  volume={1},
  pages={63--81},
  year={2006}
}

@article{TangSaad12,
  title={A probing method for computing the diagonal of a matrix inverse},
  author={Tang, Jok M. and Saad, Yousef},
  journal={Numerical Linear Algebra with Applications},
  volume={19},
  number={3},
  pages={485--501},
  year={2012},
  publisher={Wiley Online Library}
}

@article{SimpsonLindgrenFinnEtAl12,
  title={Think continuous: {M}arkovian {G}aussian models in spatial statistics},
  author={Simpson, Daniel and Lindgren, Finn and Rue, H{\aa}vard},
  journal={Spatial Statistics},
  volume={1},
  pages={16--29},
  year={2012},
  publisher={Elsevier}
}

@article{SimpsonLindgrenFinnEtAl12s,
  title={In order to make spatial statistics computationally feasible, we need to forget about the covariance function},
  author={Simpson, Daniel and Lindgren, Finn and Rue, H{\aa}vard},
  journal={Environmetrics},
  volume={23},
  number={1},
  pages={65--74},
  year={2012},
  publisher={Wiley Online Library}
}

@article{RueMartino07,
  title={Approximate {B}ayesian inference for hierarchical {G}aussian {M}arkov random field models},
  author={Rue, H{\aa}vard and Martino, Sara},
  journal={Journal of statistical planning and inference},
  volume={137},
  number={10},
  pages={3177--3192},
  year={2007},
  publisher={Elsevier}
}

@book{AsmussenGlynn07,
  title={Stochastic simulation: algorithms and analysis},
  author={Asmussen, S{\o}ren and Glynn, Peter W},
  volume={57},
  year={2007},
  publisher={Springer Science \& Business Media}
}

@book{HendersonAhrensLawEtAl04,
  title={The ParaView Guide},
  author={Henderson, Amy and Ahrens, Jim and Law, Charles and others},
  year={2004},
  publisher={Kitware Clifton Park, NY}
}

@article{LinLuYingEtAl09,
  title={Fast algorithm for extracting the diagonal of the inverse matrix with application to the electronic structure analysis of metallic systems},
  author={Lin, Lin and Lu, Jianfeng and Ying, Lexing and Car, Roberto and E, Weinan},
  journal={Communications in Mathematical Sciences},
  volume={7},
  number={3},
  pages={755--777},
  year={2009},
  publisher={International Press of Boston}
}

@book{KedemFokianos02,
  title={Regression models for time series analysis},
  author={Kedem, Benjamin and Fokianos, Konstantinos},
  volume={488},
  year={2002},
  publisher={John Wiley \& Sons}
}

@article{CotterDashtiEtAl09,
  title={Bayesian inverse problems for functions and applications to fluid mechanics},
  author={Cotter, Simon L. and Dashti, Massoumeh and Robinson, James Cooper and Stuart, Andrew M.},
  journal={Inverse problems},
  volume={25},
  number={11},
  pages={115008},
  year={2009},
  publisher={IOP Publishing}
}

@book{Herbrich02,
  title={Learning kernel classifiers},
  author={Herbrich, Ralf},
  year={2002},
  publisher={MIT Press, Cambridge}
}

@book{SmolaScholkopf98,
  title={Learning with kernels},
  author={Smola, Alex J and Sch{\"o}lkopf, Bernhard},
  year={1998},
  publisher={Citeseer}
}

@article{KaipioKolehmainenVilleEtAl99,
  title={Inverse problems with structural prior information},
  author={Kaipio, Jari P. and Kolehmainen, Ville and Vauhkonen, Marko and Somersalo, Erkki},
  journal={Inverse problems},
  volume={15},
  number={3},
  pages={713},
  year={1999},
  publisher={IOP Publishing}
}

@article{Berenger94,
  title={A perfectly matched layer for the absorption of electromagnetic waves},
  author={Berenger, Jean-Pierre},
  journal={Journal of computational physics},
  volume={114},
  number={2},
  pages={185--200},
  year={1994},
  publisher={Elsevier}
}

@article{Tsynkov98,
  title={Numerical solution of problems on unbounded domains. A review},
  author={Tsynkov, Semyon V},
  journal={Applied Numerical Mathematics},
  volume={27},
  number={4},
  pages={465--532},
  year={1998},
  publisher={Elsevier}
}
@article{Besag81,
  title={On a system of two-dimensional recurrence equations},
  author={Besag, Julian},
  journal={Journal of the Royal Statistical Society. Series B (Methodological)},
  pages={302--309},
  year={1981},
  publisher={JSTOR}
}
@article{RoininenHuttunenJanneEtAl14,
  title={Whittle-{M}at{\'e}rn priors for {B}ayesian statistical inversion with applications in electrical impedance tomography},
  author={Roininen, Lassi and Huttunen, Janne M. J. and Lasanen, Sari},
  journal={Inverse Problems Imaging},
  volume={8},
  number={2},
  pages={561--586},
  year={2014}
}

@book{Sullivan16,
  title={Introduction to Uncertainty Quantification},
  author={Sullivan, T. J.},
  volume={63},
  year={2016},
  publisher={Springer}
}
@article{Breikreuz92,
  title={Handbook of applied advanced geostatistical ore reserve estimation},
  author={Breikreuz, H.},
  journal={Earth-Science Reviews},
  volume={32},
  number={3},
  pages={222--223},
  year={1992},
  publisher={Elsevier}
}
@book{Cressie15,
  title={Statistics for spatial data},
  author={Cressie, Noel},
  year={2015},
  publisher={John Wiley \& Sons}
}

@article{Giannakis15,
  title={Dynamics-adapted cone kernels},
  author={Giannakis, Dimitrios},
  journal={SIAM Journal on Applied Dynamical Systems},
  volume={14},
  number={2},
  pages={556--608},
  year={2015},
  publisher={SIAM}
}
@article{AmbikasaranForemanMackeyGreengard16,
  title={Fast Direct Methods for {G}aussian Processes},
  author={Ambikasaran, Sivaram and Foreman-Mackey, Daniel and Greengard, Leslie and Hogg, David and O Neil, Michael},
  year={2016},
  publisher={IEEE}
}

@inproceedings{ShenNgSeeger06,
  title={Fast {G}aussian process regression using kd-trees},
  author={Shen, Yirong and Ng, Andrew and Seeger, Matthias},
  booktitle={Proceedings of the 19th Annual Conference on Neural Information Processing Systems},
  number={EPFL-CONF-161316},
  year={2006}
}

@book{Murphy12,
  title={Machine learning: a probabilistic perspective},
  author={Murphy, Kevin P},
  year={2012},
  publisher={MIT press}
}
@article{VanhataloJarnoRiihimakiEtAl13,
  title={GPstuff: {B}ayesian modeling with Gaussian processes},
  author={Vanhatalo, Jarno and Riihim{\"a}ki, Jaakko and Hartikainen, Jouni and Jyl{\"a}nki, Pasi and Tolvanen, Ville and Vehtari, Aki},
  journal={The Journal of Machine Learning Research},
  volume={14},
  number={1},
  pages={1175--1179},
  year={2013},
  publisher={JMLR.org}
}

@book{Sherman11,
  title={Spatial statistics and spatio-temporal data: covariance functions and directional properties},
  author={Sherman, Michael},
  year={2011},
  publisher={John Wiley \& Sons}
}

@book{Stein12,
  title={Interpolation of spatial data: some theory for kriging},
  author={Stein, Michael L},
  year={2012},
  publisher={Springer Science \& Business Media}
}

@article{WilliamsRasmussen06,
  title={Gaussian processes for machine learning},
  author={Williams, Christopher KI and Rasmussen, Carl Edward},
  journal={the MIT Press},
  volume={2},
  number={3},
  pages={4},
  year={2006}
}

@misc{NIST:DLMF,
         key = "{\relax DLMF}",
       title = "{NIST Digital Library of Mathematical Functions}",
howpublished = "\url{http://dlmf.nist.gov/}, Release 1.0.10 of 2015-08-07",
        note = "Online companion to \cite{Olver:2010:NHMF}"}

@book{Olver:2010:NHMF,
      editor = "F.~W.~J. Olver and D.~W. Lozier and R.~F. Boisvert and C.~W. Clark",
       title = "{NIST Handbook of Mathematical Functions}",
   publisher = "Cambridge University Press",
     address = "New York, NY",
        year = "2010",
        note = "Print companion to \cite{NIST:DLMF}"}

@misc{wikifundamental,
   author = "Wikipedia",
   title = "Fundamental solution --- Wikipedia{,} The Free Encyclopedia",
   year = 2014,
   url = "https://en.wikipedia.org/w/index.php?title=Fundamental_solution&oldid=619455998",
   note = "[Online; accessed 30-October-2015]"
 }

@article{Whittle63,
  title={Stochastic-processes in several dimensions},
  author={Whittle, Peter},
  journal={Bulletin of the International Statistical Institute},
  volume={40},
  number={2},
  pages={974-994},
  year={1963},
  publisher={INT STATISTICAL INSTITUTE 428 PRINSES BEATRIXLAEN, VOORBURG, NETHERLANDS}
}

@article{MajdaEngquist77,
  Title={Absorbing boundary conditions for numerical simulation of waves},
  Author={Engquist, Bj{\"o}rn and Majda, Andrew},
  Publisher={National Acad Sciences},
  year={1977},

  Journal={Proceedings of the National Academy of Sciences},
  Volume={74},
  Number={5},
  Pages={1765--1766},
}

@book{Oksendal03,
  Title={Stochastic differential equations},
  Author={{\O}ksendal, Bernt},
  Publisher={Springer},
  Year={2003} 
}

@book{Bass11,
  Title={Stochastic processes},
  Author={Bass, Richard F},
  Publisher={Cambridge University Press},  
  Year={2011},

  Volume={33}
}


@Misc{Cubature,
  OPTkey = 	 {},
  author = 	 {Steven G. Johnson},
  title = 	 {{Cubature---Adaptive Multi-dimension Integration}},
  OPThowpublished = {},
  OPTmonth = 	 {},
  OPTyear = 	 {},
  note = 	 {\url{http://ab-initio.mit.edu/wiki/index.php/Cubature}},
  OPTannote = 	 {}
}

@book{SteinShakarchi09,
  title={Real analysis: measure theory, integration, and Hilbert spaces},
  author={Stein, Elias M and Shakarchi, Rami},
  year={2009},
  publisher={Princeton University Press}
}

@article{Papoulis75,
  title={A new algorithm in spectral analysis and band-limited extrapolation},
  author={Papoulis, Athanasios},
  journal={IEEE Transactions on Circuits and systems},
  volume={22},
  number={9},
  pages={735--742},
  year={1975},
  publisher={IEEE}
}

@article{Gerchberg74,
  title={Super-resolution through error energy reduction},
  author={Gerchberg, RW},
  journal={Journal of Modern Optics},
  volume={21},
  number={9},
  pages={709--720},
  year={1974},
  publisher={Taylor \& Francis}
}

@article{Higdon86,
  title={Absorbing boundary conditions for difference approximations to the multidimensional wave equation},
  author={Higdon, Robert L},
  journal={Mathematics of computation},
  volume={47},
  number={176},
  pages={437--459},
  year={1986}
}

@article{DitkowskiGottlieb03,
  title={On the Engquist Majda absorbing boundary conditions for hyperbolic systems},
  author={Ditkowski, Adi and Gottlieb, David},
  journal={Contemporary Mathematics},
  volume={330},
  pages={55--72},
  year={2003},
  publisher={Providence, RI; American Mathematical Society; 1999}
}

@article{CraneWeischedelWardetzky13,
  title={Geodesics in heat: A new approach to computing distance based on heat flow},
  author={Crane, Keenan and Weischedel, Clarisse and Wardetzky, Max},
  journal={ACM Transactions on Graphics (TOG)},
  volume={32},
  number={5},
  pages={152},
  year={2013},
  publisher={ACM}
}

@article{VanWieringen15,
  title={Lecture notes on ridge regression},
  author={van Wieringen, Wessel N},
  journal={arXiv preprint arXiv:1509.09169},
  year={2015}
}

@article{OverstallWoodsParker15,
  title={Bayesian optimal design for ordinary differential equation models},
  author={Overstall, Antony and Woods, David and Parker, Ben},
  journal={arXiv preprint arXiv:1509.04099},
  year={2015}
}
